@book{aho2007compilers,
  title={Compilers: principles, techniques, and tools},
  author={Aho, Alfred V},
  volume={2},
  year={2007}
}