@book{aho2007compilers,
  title={Compilers: principles, techniques, and tools},
  author={Aho, Alfred V},
  volume={2},
  year={2007}
}

@Book{ trove.nla.gov.au/work/14968069,
title = { Java virtual machine },
author = { Meyer, Jon and Downing, Troy },
publisher = { Cambridge, [Mass.] : O'Reilly },
year = { 1997 },
type = { Book; Book/Illustrated },
isbn = { 1565921941 },
subjects = { Java virtual machine; Java (Computer program language) },
language = { English },
note = { Includes index },
contents = { 1. Overview -- 2. Quick Tour -- 3. Components of the Machine -- 4. Classes -- 5. Security -- 6. Implementation Notes -- 7. Data Operations -- 8. Arithmetic -- 9. Flow Control -- 10. Exceptions -- 11. Threads -- 12. Class File Reference -- 13. Instruction Reference -- A. Instructions by Function Group -- B. Instructions by Opcode -- C. Jasmin User Guide -- D. The JAS Library },
catalogue-url = { http://trove.nla.gov.au/work/14968069 }
}